@article{demeo,
	author={DeMeo, F.E. and Binzel, R.P. and Slivan, S.M. and Bus, S.J.},
	title={An Extension of the Bus Asteroid Taxonomy into the Near-Infrared},
	journal={Icarus},
	volume={202},
	year=2009,
	pages={160-180}
	}
	
@article{gonzalez,
	author={Gonz\'{a}lez, J.E. and Lacey, C. G. and Baugh, C. M. and Frenk, C. S. and Benson, A. J.},
	title={Testing model predictions of the cold dark matter cosmology for the sizes, colours, morphologies and luminosities of galaxies with the SDSS},
	journal={Monthly Notices of the Royal Astronomical Society},
	volume={397},
	pages={1254-1274},
	year={2009}
	}

@article{bond,
  author={Nicholas A. Bond and \v{Z}eljko Ivezi\'c and Branimir Sesar and Mario Juri\'c and Jeffrey A. Munn and Adam Kowalski and Sarah
Loebman and Rok Ro\v{s}kar and Timothy C. Beers and Julianne Dalcanton and Constance M. Rockosi and Brian Yanny and Heidi J.
Newberg and Carlos Allende Prieto and Ron Wilhelm and Young Sun Lee and Thirupathi Sivarani and Steven R. Majewski and John
E. Norris and Coryn A. L. Bailer-Jones and Paola Re Fiorentin and David Schlegel and Alan Uomoto and Robert H.
Lupton and Gillian R. Knapp and James E. Gunn and Kevin R. Covey and J. Allyn Smith and Gajus Miknaitis and Mamoru
Doi and Masayuki Tanaka and Masataka Fukugita and Steve Kent and Douglas Finkbeiner and Tom R. Quinn and Suzanne
Hawley and Scott Anderson and Furea Kiuchi and Alex Chen and James Bushong and Harkirat Sohi and Daryl Haggard and Amy
Kimball and Rosalie McGurk and John Barentine and Howard Brewington and Mike Harvanek and Scott Kleinman and Jurek
Krzesinski and Dan Long and Atsuko Nitta and Stephanie Snedden and Brian Lee and Jeffrey R. Pier and Hugh Harris and Jonathan
Brinkmann and Donald P. Schneider},
  title={The Milky Way Tomography with SDSS. III. Stellar Kinematics},
  journal={The Astrophysical Journal},
  volume={716},
  number={1},
  pages={1-29},
  year={2010}
  }

@article{juric,
  author={Mario Juri\'c and \v{Z}eljko Ivezi\'c and Alyson Brooks and Robert H. Lupton and David Schlegel and Douglas Finkbeiner and Nikhil
Padmanabhan and Nicholas Bond and Branimir Sesar and Constance M. Rockosi and Gillian R. Knapp and James E.
Gunn and Takahiro Sumi and Donald P. Schneider and J. C. Barentine and Howard J. Brewington and J. Brinkmann and Masataka
Fukugita and Michael Harvanek and S. J. Kleinman and Jurek Krzesinski and Dan Long and Eric H. Neilsen, Jr. and Atsuko
Nitta and Stephanie A. Snedden and Donald G. York},
  title={The Milky Way Tomography with SDSS. I. Stellar Number Density Distribution},
  journal={The Astrophysical Journal},
  volume={673},
  number={2},
  pages={864},
  year={2008}
  }

@article{york,
  author={Donald G. York and J. Adelman and John E. Anderson, Jr. and Scott F. Anderson and James Annis and Neta A. Bahcall and J. A.
Bakken and Robert Barkhouser and Steven Bastian and Eileen Berman and William N. Boroski and Steve Bracker and Charlie
Briegel and John W. Briggs and J. Brinkmann and Robert Brunner and Scott Burles and Larry Carey and Michael A.
Carr and Francisco J. Castander and Bing Chen and Patrick L. Colestock and A. J. Connolly and J. H. Crocker and Istv\'{a}n
Csabai and Paul C. Czarapata and John Eric Davis and Mamoru Doi and Tom Dombeck and Daniel Eisenstein and Nancy Ellman and Brian
R. Elms and Michael L. Evans and Xiaohui Fan and Glenn R. Federwitz and Larry Fiscelli and Scott Friedman and Joshua A.
Frieman and Masataka Fukugita and Bruce Gillespie and James E. Gunn and Vijay K. Gurbani and Ernst de Haas and Merle
Haldeman and Frederick H. Harris and J. Hayes and Timothy M. Heckman and G. S. Hennessy and Robert B. Hindsley and Scott
Holm and Donald J. Holmgren and Chi-hao Huang and Charles Hull and Don Husby and Shin-Ichi Ichikawa and Takashi
Ichikawa and \v{Z}eljko Ivezi\'c and Stephen Kent and Rita S. J. Kim and E. Kinney and Mark Klaene and A. N. Kleinman and S.
Kleinman and G. R. Knapp and John Korienek and Richard G. Kron and Peter Z. Kunszt and D. Q. Lamb and B. Lee and R. French
Leger and Siriluk Limmongkol and Carl Lindenmeyer and Daniel C. Long and Craig Loomis and Jon Loveday and Rich
Lucinio and Robert H. Lupton and Bryan MacKinnon and Edward J. Mannery and P. M. Mantsch and Bruce Margon and Peregrine
McGehee and Timothy A. McKay and Avery Meiksin and Aronne Merelli and David G. Monet and Jeffrey A. Munn and Vijay K.
Narayanan and Thomas Nash and Eric Neilsen and Rich Neswold and Heidi Jo Newberg and R. C. Nichol and Tom Nicinski and Mario
Nonino and Norio Okada and Sadanori Okamura and Jeremiah P. Ostriker and Russell Owen and A. George Pauls and John
Peoples and R. L. Peterson and Donald Petravick and Jeffrey R. Pier and Adrian Pope and Ruth Pordes and Angela Prosapio and Ron
Rechenmacher and Thomas R. Quinn and Gordon T. Richards and Michael W. Richmond and Claudio H. Rivetta and Constance M.
Rockosi and Kurt Ruthmansdorfer and Dale Sandford and David J. Schlegel and Donald P. Schneider and Maki Sekiguchi and Gary
Sergey and Kazuhiro Shimasaku and Walter A. Siegmund and Stephen Smee and J. Allyn Smith and S. Snedden and R. Stone and Chris
Stoughton and Michael A. Strauss and Christopher Stubbs and Mark SubbaRao and Alexander S. Szalay and Istvan
Szapudi and Gyula P. Szokoly and Anirudda R. Thakar and Christy Tremonti and Douglas L. Tucker and Alan Uomoto and Dan
Vanden Berk and Michael S. Vogeley and Patrick Waddell and Shu-i Wang and Masaru Watanabe and David H. Weinberg and Brian
Yanny and Naoki Yasuda},
  title={The Sloan Digital Sky Survey: Technical Summary},
  journal={The Astronomical Journal},
  volume={120},
  number={3},
  pages={1579-1587},
  year={2000}
  }
  
@article{ivezic,
  author={\v{Z}eljko Ivezi\'{c} and Branimir Sesar and Mario Juri\'{c} and Nicholas Bond and Julianne Dalcanton and Constance M. Rockosi and Brian
Yanny and Heidi J. Newberg and Timothy C. Beers and Carlos Allende Prieto and Ron Wilhelm and Young Sun Lee and Thirupathi
Sivarani and John E. Norris and Coryn A. L. Bailer-Jones and Paola Re Fiorentin and David Schlegel and Alan
Uomoto and Robert H. Lupton and Gillian R. Knapp and James E. Gunn and Kevin R. Covey and J. Allyn Smith and Gajus
Miknaitis and Mamoru Doi and Masayuki Tanaka and Masataka Fukugita and Steve Kent and Douglas Finkbeiner and Jeffrey A.
Munn and Jeffrey R. Pier and Tom Quinn and Suzanne Hawley and Scott Anderson and Furea Kiuchi and Alex Chen and James
Bushong and Harkirat Sohi and Daryl Haggard and Amy Kimball and John Barentine and Howard Brewington and Mike Harvanek and Scott
Kleinman and Jurek Krzesinski and Dan Long and Atsuko Nitta and Stephanie Snedden and Brian Lee and Hugh Harris and Jonathan
Brinkmann and Donald P. Schneider and Donald G. York},
  title={The Milky Way Tomography with SDSS. II. Stellar Metallicity},
  journal={The Astrophysical Journal},
  volume={684},
  number={1},
  pages={287},
  year={2008}
  }


@misc{kuruczCD,
	author={Kurucz, R.L.},
	title={CD-ROM No. 13},
	howpublished = {CD-ROM},
	address={Cambridge, Mass.},
	publisher={Smithsonian Astrophysical Observatory},
	year={1993}
	}

@article{bergeron,
	author={Bergeron, P. and Wesemael, F. and Beauchamp, A. and Wesemael, F.},
	title={Photometric Calibration of Hydrogen- and Helium-Rich White Dwarf Models},
	journal={Publications of the Astronomical Society of the Pacific},
	volume={107},
	pages={1047-1054},
	year={1995}
	}

@article{cushing,
	author={Cushing, M.C. and Rayner, J.T. and Vacca, W.D.},
	title={An Infrared Spectroscopic Sequence of M, L, and T Dwarfs},
	journal={Astrophysical Journal},
	volume={623},
	pages={1115-1140},
	year={2005}
	}

@article{bochanski,
	author={Bochanski, J.J. and West, A.A. and Hawley, S.L. and Covey, K.R.},
	title={Low-Mass Dwarf Template Spectra from the Sloan Digital Sky Survey},
	journal={Astronomical Journal},
	volume={133},
	pages={531-544},
	year={2007}
	}

@article{burrows,
	author={Burrows, D. and Sudarsky, D. and Hubeny, I.},
	title={L and T Dwarf Models and the L to T Transition},
	journal={Astrophysical Journal},
	volume={640},
	pages={1063-1077},
	year={2006}
	}

@article{pettersen,
	author={Pettersen, B.R. and Hawley, S.L.},
	title={A spectroscopic survey of red dwarf flare stars},
	journal={Astronomy & Astrophysics},
	volume={217},
	pages={187-200},
	year={1989}
	}

@article{kowalski,
	author={Kowalski, A. and Hawley, S.L. and Holtzman, J.A. and Wisniewski, J.P. and Hilton, E.J.},
	title={A White Light Megaflare on the dM4.5e Star YZ CMi},
	journal={Astrophysical Journal},
	volume={714},
	pages={L98},
	year={2010}
	}

@article{amores,
	author={Am\^{o}res, E.B. and L\'{e}pine, J.R.D.},
	title={Models for Interstellar Extinction in Galaxy},
	journal={Astronomical Journal},
	volume={130},
	pages={659-673},
	year={2005}
	}

@article{sfd,
	author={Schlegel, D.J. and Finkbeiner, D.P. and Davis, M.},
	title={Maps of Dust Infrared Emission for Use in Estimation of Reddening and Cosmic Microwave Background Radiation Foregrounds},
	journal={Astrophysical Journal},
	volume={500},
	pages={525-553},
	year={1998}
	}

@article{delucia,
	author={De Lucia, G. and Springel, V. and White, S.D.M. and Croton, D. and Kauffmann, G.},
	title={The Formation History of Elliptical Galaxies},
	journal={Monthly Notices of the Royal Astronomical Society},
	volume={366},
	pages={499-509},
	year={2006}
	}

@article{bruzual,
	author={Bruzual, G. and Charlot, S.},
	title={Stellar population synthesis at the resolution of 2003},
	journal={Monthly Notices of the Royal Astronomical Society},
	volume={344},
	pages={1000-1028},
	year={2003}
	}

@article{grav,
	author={Grav, T. and Jedicke, R. and Denneau, L. and Holman, M. J. and Spahr, T.},
	title={The Pan-STARRS Synthetic Solar System Model and its Applications},
	journal={BAAS},
	volume={211},
	pages={4721},
	year={2007}
	}

@article{granvik,
	author={Granvik, M. and Virtanen, J. and Oszkiewicz, D. and Muinonen, K.},
	title={OpenOrb: Open-Source Asteroid Orbit Computation Software Including Statistical Ranging},
	journal={Meteoritics & Planetary Science},
	volume={44},
	pages={1853-1861},
	year={2009}
	}
	
@article{vandenberk,
  author={Daniel E. Vanden Berk and Gordon T. Richards and Amanda Bauer and Michael A. Strauss and Donald P. Schneider and Timothy
M. Heckman and Donald G. York and Patrick B. Hall and Xiaohui Fan and G. R. Knapp and Scott F. Anderson and James Annis and Neta
A. Bahcall and Mariangela Bernardi and John W. Briggs and J. Brinkmann and Robert Brunner and Scott Burles and Larry
Carey and Francisco J. Castander and A. J. Connolly and J. H. Crocker and Istv\'{a}n Csabai and Mamoru Doi and Douglas
Finkbeiner and Scott Friedman and Joshua A. Frieman and Masataka Fukugita and James E. Gunn and G. S. Hennessy and \v{Z}eljko
Ivezi\'{c} and Stephen Kent and Peter Z. Kunszt and D. Q. Lamb and R. French Leger and Daniel C. Long and Jon Loveday and Robert H.
Lupton and Avery Meiksin and Aronne Merelli and Jeffrey A. Munn and Heidi Jo Newberg and Matt Newcomb and R. C.
Nichol and Russell Owen and Jeffrey R. Pier and Adrian Pope and Constance M. Rockosi and David J. Schlegel and Walter A.
Siegmund and Stephen Smee and Yehuda Snir and Chris Stoughton and Christopher Stubbs and Mark SubbaRao and Alexander S.
Szalay and Gyula P. Szokoly and Christy Tremonti and Alan Uomoto and Patrick Waddell and Brian Yanny and Wei Zheng},
  title={Composite Quasar Spectra from the Sloan Digital Sky Survey},
  journal={The Astronomical Journal},
  volume={122},
  number={2},
  pages={549},
  year={2001}
}

@misc{galfast,
	author={Juri\'{c}, Mario},
	title={galfast Documentation},
	month=jul,
	year={2013},
	url = {mwscience.net/trac/wiki/galfast}
	}